<!DOCTYPE html>  
<html lang="ko">
  <head>
    <meta charset="UTF-8" />
    <meta http-equiv="X-UA-Compatible" content="IE=edge" />
    <meta name="viewport" content="width=device-width, initial-scale=1.0" />
    <title>그릭데이</title>
    <!-- pretendard폰트 -->
    <link
      rel="stylesheet"
      type="text/css"
      href="https://cdn.jsdelivr.net/gh/orioncactus/pretendard/dist/web/static/pretendard.css"
    />
    <!-- CSS-->
    <link rel="stylesheet" href="css/style.css" />
    <!-- fontawesome 폰트어썸 -->
    <script
      src="https://kit.fontawesome.com/5cad1f58b8.js"
      crossorigin="anonymous"
    ></script>
    <!-- 자바스크립트,제이쿼리 -->
    <script src="https://ajax.googleapis.com/ajax/libs/jquery/1.12.4/jquery.min.js"></script>
    <script src="https://ajax.googleapis.com/ajax/libs/jqueryui/1.13.1/jquery-ui.min.js"></script>
    <script src="src/main.js" defer></script>
  </head>
  <body>
    <!-- header -->
    <header id="header">
      <div class="header max-container section">
        <!-- 정기배송  -->
        <div class="delivery">
          <p class="delivery_content">
            그릭데이 <br />
            <span style="font-weight: 600">정기배송</span>
          </p>
          <img class="delivery_content_img" src="greek_images/truck.png" alt="트럭이미지" />
        </div>
        <!-- logo -->
        <h1 id="logo">
          <a href="#" title="그릭데이 로고이미지">
            <img
              class="logo_img"
              src="greek_images/lg-pc-ft.svg"
              alt="greekday logo"
          /></a>
        </h1>

        <div id="header_icons">
          <a href="#" class="header_icon" title="로그인 아이콘"
            ><i class="fa-solid fa-user"></i
          ></a>
          <a href="#" class="header_icon" title="장바구니 아이콘"
            ><i class="fa-solid fa-cart-shopping"></i
          ></a>
          <a href="#" class="header_icon menu_icon" title="메뉴 아이콘"
            ><i class="fa-solid fa-bars"></i
          ></a>
        </div>
      </div>

      <div class="header2 max-container section">
        <nav id="nav" class="">
          <ul class="navi">
            <li class="navi_list">
              <a href="#" class="navi_list_txt">Product</a>
            </li>
            <li class="navi_list">
              <a href="#" class="navi_list_txt">Brand Story</a>
            </li>
            <li class="navi_list">
              <a href="#" class="navi_list_txt">Community</a>
            </li>
            <li class="navi_list">
              <a href="#" class="navi_list_txt">Event</a>
            </li>
            <li class="navi_list">
              <a href="#" class="navi_list_txt">Partner</a>
            </li>
            <li class="navi_list">
              <a href="#" class="navi_list_txt">Regular Delivery</a>
            </li>
          </ul>
        </nav>
      </div>
    </header>

    <!-- main -->
    <main id="main">
      <!-- main image -->
      <section id="main_container">
        <div class="main_background max-container section">
          <ul class="main_contents">
            <li class="main_content main_content1">
              <h2 class="main_content_title">
                꾸-덕 쫀득한 <br />진짜 그릭요거트!
              </h2>
              <p class="main_content_txt">
                건강하게 먹는 것의 힘과 소중함을 알고 <br />
                음식이 주는 건강함과 행복감을 놓치지 않길 바라는 마음. <br />
                그 마음을 그릭데이 한 그릇에 꾸욱 눌러담았습니다.
              </p>
              <p class="main_content_txt">
                <span style="font-size: 1.4rem">
                  그릭데이
                  <strong style="color: var(--color-accent)"
                    >신규가입 혜택</strong
                  >
                  놓치지 마세요!</span
                >
              </p>
              <button class="brand_btn">
                <span
                  >그릭데이 멤버십 혜택
                  <i class="fa-solid fa-arrow-right"></i></span
                ><span class="brand_btn_pointer"></span>
              </button>
            </li>
            <li class="main_content main_content2">
              <video
                class="main_video"
                autoplay=""
                loop=""
                muted=""
                playsinline=""
                src="https://player.vimeo.com/progressive_redirect/playback/849851505/rendition/1080p/file.mp4?loc=external&amp;signature=0623988be7184940bd14a5fa3d54636947714903afc49b342a89b6838a391222"
              ></video>
            </li>
          </ul>
        </div>
      </section>
      <!-- 브랜드 -->
      <section id="brand">
        <div class="brand_container max-container section">
          <h2 class="title brand_title">Brand&#39;s Story</h2>
          <div class="brand_inr">
            <ul class="brand_inr_wrap">
              <li class="brand_inr_images">
                <p class="brand_inr_img_left brand_inr_img1">
                  <img src="greek_images/brand_img.png" alt="" />
                </p>
                <p class="brand_inr_img_left brand_inr_img2">
                  <img src="greek_images/brand_img2.png" alt="" />
                </p>
                <p class="brand_inr_img_left brand_inr_img3">
                  <video
                    autoplay=""
                    loop=""
                    muted=""
                    playsinline=""
                    src="https://player.vimeo.com/progressive_redirect/playback/848658263/rendition/1080p/file.mp4?loc=external&amp;signature=476ac340aee797e31a7922023827950d5ed9122a7049deb35c857690f7bbf785"
                  ></video>
                </p>
              </li>
              <li class="brand_metadata">
                <!-- 동그라미 백그라운드 이미지 -->
                <div class="brand_cirle">
                  <img class="brand_cirle_txt" src="greek_images/circle.png" alt="fresh day! greek day!" />
                  <img class="brand_cirle_yogurt" src="greek_images/back_slideup.png" alt="">
                </div>
                <p class="brand_metadata_txt">
                  모든 사람들이 건강한 식품을 매일 먹을 수 있게, 오늘보다 나은
                  내일을 위해 우리가 매일 먹는 식품에 진심을 담아 만들고
                  <span class="brand_metadata_txt_strong"
                    >더 쉽고, 더 건강하고, 더 즐거운</span
                  >
                  삶의 방식을 고민합니다.
                </p>
                <button class="brand_btn">
                  <span
                    >브랜드 스토리 <i class="fa-solid fa-arrow-right"></i></span
                  ><span class="brand_btn_pointer"></span>
                </button>
              </li>
            </ul>
          </div>
        </div>
      </section>
      <!-- greek menu -->
      <section id="grk_menu">
        <div class="max-container section">
          <h2 class="grk_menu_title title">Greek Day&#39;s Product</h2>
          <ul class="grk_menu_wrap">
            <li class="grk_menu_wrap_list"><a href="#">요거트</a></li>
            <li class="grk_menu_wrap_list"><a href="#">토핑</a></li>
            <li class="grk_menu_wrap_list"><a href="#">베이커리</a></li>
            <li class="grk_menu_wrap_list"><a href="#">세트</a></li>
            <li class="grk_menu_wrap_list"><a href="#">굿즈</a></li>
          </ul>

          <div id="menu_container">
            <!-- 화살표버튼 -->
            <div id="menu_arrow_btn">
              <button class="arrow_btn_left">
                <svg
                  class="arrow_btn_svg"
                  xmlns="http://www.w3.org/2000/svg"
                  viewBox="0 0 320 512"
                >
                  <!--!Font Awesome Free 6.5.1 by @fontawesome - https://fontawesome.com License - https://fontawesome.com/license/free Copyright 2024 Fonticons, Inc.-->
                  <path
                    d="M9.4 233.4c-12.5 12.5-12.5 32.8 0 45.3l192 192c12.5 12.5 32.8 12.5 45.3 0s12.5-32.8 0-45.3L77.3 256 246.6 86.6c12.5-12.5 12.5-32.8 0-45.3s-32.8-12.5-45.3 0l-192 192z"
                  />
                </svg>
              </button>
              <button class="arrow_btn_right">
                <svg
                  class="arrow_btn_svg"
                  xmlns="http://www.w3.org/2000/svg"
                  viewBox="0 0 320 512"
                >
                  <!--!Font Awesome Free 6.5.1 by @fontawesome - https://fontawesome.com License - https://fontawesome.com/license/free Copyright 2024 Fonticons, Inc.-->
                  <path
                    d="M310.6 233.4c12.5 12.5 12.5 32.8 0 45.3l-192 192c-12.5 12.5-32.8 12.5-45.3 0s-12.5-32.8 0-45.3L242.7 256 73.4 86.6c-12.5-12.5-12.5-32.8 0-45.3s32.8-12.5 45.3 0l192 192z"
                  />
                </svg>
              </button>
            </div>
            <!-- 요거트 -->
            <div class="yogurt">
              <ul class="menu_inr_container">
                <li class="menu_frame">
                  <div class="menu_frame_inr">
                    <!-- 장바구니아이콘 -->
                    <div class="cart_frame">
                      <a href="#" class="cart_icon" title="장바구니 아이콘"
                        ><i class="fa-solid fa-cart-shopping cart_icon_img"></i
                      ></a>
                    </div>
                    <div class="menu_sale">3%</div>
                    <img
                      src="greek_images/yogurt1-removebg-preview.png"
                      alt="yogurt1 image"
                      class="menu_inr_img"
                    />
                    <img
                      src="greek_images/yogurt1.gif"
                      alt="yogurt1 image"
                      class="menu_inr_img_back"
                    />
                    <div class="menu_txt">
                      <strong class="menu_txt_title"
                        >그릭데이 그릭요거트 시그니처 100g *3개입</strong
                      >
                      <p class="menu_txt_tag">
                        <span
                          style="
                            font-size: 0.9rem;
                            color: var(--color-primary-variant);
                          "
                          >#시그니처 #꾸덕 #100g</span
                        >
                      </p>
                      <p class="menu_txt_price">
                        <span
                          style="
                            color: var(--color-accent);
                            font-weight: 600;
                            font-size: 1.25rem;
                          "
                          >3%
                        </span>
                        <span style="text-decoration: line-through">
                          10,800원</span
                        >
                        <span style="font-weight: 600; font-size: 1.25rem">
                          10,470원</span
                        >
                      </p>
                    </div>
                  </div>
                </li>

                <li class="menu_frame">
                  <div class="menu_frame_inr">
                    <!-- 장바구니아이콘 -->
                    <div class="cart_frame">
                      <a href="#" class="cart_icon" title="장바구니 아이콘"
                        ><i class="fa-solid fa-cart-shopping cart_icon_img"></i
                      ></a>
                    </div>
                    <div class="menu_sale">3%</div>
                    <img
                      src="greek_images/yogurt2-removebg-preview.png"
                      alt="yogurt1 image"
                      class="menu_inr_img"
                    />
                    <img
                      src="greek_images/yogurt2.gif"
                      alt="yogurt1 image"
                      class="menu_inr_img_back"
                    />
                    <div class="menu_txt">
                      <strong class="menu_txt_title"
                        >그릭데이 그릭요거트 라이트 100g *3개입</strong
                      >
                      <p class="menu_txt_tag">
                        <span
                          style="
                            font-size: 0.9rem;
                            color: var(--color-primary-variant);
                          "
                          >#라이트 #소프트 #100g</span
                        >
                      </p>
                      <p class="menu_txt_price">
                        <span
                          style="
                            color: var(--color-accent);
                            font-weight: 600;
                            font-size: 1.25rem;
                          "
                          >3%
                        </span>
                        <span style="text-decoration: line-through">
                          9,900원</span
                        >
                        <span style="font-weight: 600; font-size: 1.25rem">
                          9,600원</span
                        >
                      </p>
                    </div>
                  </div>
                </li>

                <li class="menu_frame">
                  <div class="menu_frame_inr">
                    <!-- 장바구니아이콘 -->
                    <div class="cart_frame">
                      <a href="#" class="cart_icon" title="장바구니 아이콘"
                        ><i class="fa-solid fa-cart-shopping cart_icon_img"></i
                      ></a>
                    </div>
                    <div class="menu_sale">27%</div>
                    <img
                      src="greek_images/yogurt3.png"
                      alt="yogurt1 image"
                      class="menu_inr_img"
                    />
                    <img
                      src="greek_images/yogurt1.gif"
                      alt="yogurt1 image"
                      class="menu_inr_img_back"
                    />
                    <div class="menu_txt">
                      <strong class="menu_txt_title"
                        >그릭데이 그릭요거트 시그니처
                        <span class="hidden"></span> 800g
                      </strong>
                      <p class="menu_txt_tag">
                        <span
                          style="
                            font-size: 0.9rem;
                            color: var(--color-primary-variant);
                          "
                          >100g당 2,625원!</span
                        >
                      </p>
                      <p class="menu_txt_price">
                        <span
                          style="
                            color: var(--color-accent);
                            font-weight: 600;
                            font-size: 1.25rem;
                          "
                          >27 %
                        </span>
                        <span style="text-decoration: line-through">
                          28,800원</span
                        >
                        <span style="font-weight: 600; font-size: 1.25rem">
                          21,000원</span
                        >
                      </p>
                    </div>
                  </div>
                </li>

                <li class="menu_frame">
                  <div class="menu_frame_inr">
                    <!-- 장바구니아이콘 -->
                    <div class="cart_frame">
                      <a href="#" class="cart_icon" title="장바구니 아이콘"
                        ><i class="fa-solid fa-cart-shopping cart_icon_img"></i
                      ></a>
                    </div>
                    <div class="menu_sale">28%</div>
                    <img
                      src="greek_images/yogurt4.png"
                      alt="yogurt1 image"
                      class="menu_inr_img"
                    />
                    <img
                      src="greek_images/yogurt2.gif"
                      alt="yogurt1 image"
                      class="menu_inr_img_back"
                    />
                    <div class="menu_txt">
                      <strong class="menu_txt_title"
                        >그릭데이 그릭요거트 라이트
                        <span class="hidden"></span>800g</strong
                      >
                      <p class="menu_txt_tag">
                        <span
                          style="
                            font-size: 0.9rem;
                            color: var(--color-primary-variant);
                          "
                          >100g당 2,375원!
                        </span>
                      </p>
                      <p class="menu_txt_price">
                        <span
                          style="
                            color: var(--color-accent);
                            font-weight: 600;
                            font-size: 1.25rem;
                          "
                          >28 %
                        </span>
                        <span style="text-decoration: line-through">
                          26,400원</span
                        >
                        <span style="font-weight: 600; font-size: 1.25rem">
                          19,000원</span
                        >
                      </p>
                    </div>
                  </div>
                </li>

                <li class="menu_frame">
                  <div class="menu_frame_inr">
                    <!-- 장바구니아이콘 -->
                    <div class="cart_frame">
                      <a href="#" class="cart_icon" title="장바구니 아이콘"
                        ><i class="fa-solid fa-cart-shopping cart_icon_img"></i
                      ></a>
                    </div>
                    <div class="menu_sale">17%</div>
                    <img
                      src="greek_images/yogurt5.png"
                      alt="yogurt1 image"
                      class="menu_inr_img"
                    />
                    <img
                      src="greek_images/yogurt1.gif"
                      alt="yogurt1 image"
                      class="menu_inr_img_back"
                    />
                    <div class="menu_txt">
                      <strong class="menu_txt_title"
                        >그릭데이 그릭요거트 시그니처 450g</strong
                      >
                      <p class="menu_txt_tag">
                        <span
                          style="
                            font-size: 0.9rem;
                            color: var(--color-primary-variant);
                          "
                          >100g당 3,000원!</span
                        >
                      </p>
                      <p class="menu_txt_price">
                        <span
                          style="
                            color: var(--color-accent);
                            font-weight: 600;
                            font-size: 1.25rem;
                          "
                          >17 %
                        </span>
                        <span style="text-decoration: line-through">
                          16,200원</span
                        >
                        <span style="font-weight: 600; font-size: 1.25rem">
                          13,500원</span
                        >
                      </p>
                    </div>
                  </div>
                </li>

                <li class="menu_frame">
                  <div class="menu_frame_inr">
                    <!-- 장바구니아이콘 -->
                    <div class="cart_frame">
                      <a href="#" class="cart_icon" title="장바구니 아이콘"
                        ><i class="fa-solid fa-cart-shopping cart_icon_img"></i
                      ></a>
                    </div>
                    <div class="menu_sale">16%</div>
                    <img
                      src="greek_images/yogurt6.png"
                      alt="yogurt1 image"
                      class="menu_inr_img"
                    />
                    <img
                      src="greek_images/yogurt2.gif"
                      alt="yogurt1 image"
                      class="menu_inr_img_back"
                    />
                    <div class="menu_txt">
                      <strong class="menu_txt_title"
                        >그릭데이 그릭요거트 라이트 450g</strong
                      >
                      <p class="menu_txt_tag">
                        <span
                          style="
                            font-size: 0.9rem;
                            color: var(--color-primary-variant);
                          "
                          >100g당 2,778원!
                        </span>
                      </p>
                      <p class="menu_txt_price">
                        <span
                          style="
                            color: var(--color-accent);
                            font-weight: 600;
                            font-size: 1.25rem;
                          "
                          >16 %
                        </span>
                        <span style="text-decoration: line-through">
                          14,850원</span
                        >
                        <span style="font-weight: 600; font-size: 1.25rem">
                          12,500원</span
                        >
                      </p>
                    </div>
                  </div>
                </li>

                <li class="menu_frame">
                  <div class="menu_frame_inr">
                    <!-- 장바구니아이콘 -->
                    <div class="cart_frame">
                      <a href="#" class="cart_icon" title="장바구니 아이콘"
                        ><i class="fa-solid fa-cart-shopping cart_icon_img"></i
                      ></a>
                    </div>
                    <div class="menu_sale">5%</div>
                    <img
                      src="greek_images/yogurt7.png"
                      alt="yogurt1 image"
                      class="menu_inr_img"
                    />
                    <img
                      src="greek_images/yogurt7.gif"
                      alt="yogurt1 image"
                      class="menu_inr_img_back"
                    />
                    <div class="menu_txt">
                      <strong class="menu_txt_title"
                        >그릭데이 그릭드링크 200ml *5개입
                      </strong>
                      <p class="menu_txt_tag">
                        <span
                          style="
                            font-size: 0.9rem;
                            color: var(--color-primary-variant);
                          "
                          >#시그니처 #꾸덕 #100g</span
                        >
                      </p>
                      <p class="menu_txt_price">
                        <span
                          style="
                            color: var(--color-accent);
                            font-weight: 600;
                            font-size: 1.25rem;
                          "
                          >5 %
                        </span>
                        <span style="text-decoration: line-through">
                          14,000원</span
                        >
                        <span style="font-weight: 600; font-size: 1.25rem">
                          13,300원</span
                        >
                      </p>
                    </div>
                  </div>
                </li>

                <li class="menu_frame">
                  <div class="menu_frame_inr">
                    <!-- 장바구니아이콘 -->
                    <div class="cart_frame">
                      <a href="#" class="cart_icon" title="장바구니 아이콘"
                        ><i class="fa-solid fa-cart-shopping cart_icon_img"></i
                      ></a>
                    </div>
                    <div class="menu_sale">5%</div>
                    <img
                      src="greek_images/yogurt8.png"
                      alt="yogurt1 image"
                      class="menu_inr_img"
                    />
                    <img
                      src="greek_images/yogurt7.gif"
                      alt="yogurt1 image"
                      class="menu_inr_img_back"
                    />
                    <div class="menu_txt">
                      <strong class="menu_txt_title"
                        >그릭데이 그릭요거트 시그니처 100g *3개입</strong
                      >
                      <p class="menu_txt_tag">
                        <span
                          style="
                            font-size: 0.9rem;
                            color: var(--color-primary-variant);
                          "
                          >#시그니처 #꾸덕 #100g</span
                        >
                      </p>
                      <p class="menu_txt_price">
                        <span
                          style="
                            color: var(--color-accent);
                            font-weight: 600;
                            font-size: 1.25rem;
                          "
                          >3%
                        </span>
                        <span style="text-decoration: line-through">
                          10,800원</span
                        >
                        <span style="font-weight: 600; font-size: 1.25rem">
                          10,470원</span
                        >
                      </p>
                    </div>
                  </div>
                </li>
              </ul>
            </div>

            <!-- 토핑 -->
            <div class="topping">
              <ul class="menu_inr_container">
                <li class="menu_frame">
                  <div class="menu_frame_inr">
                    <!-- 장바구니아이콘 -->
                    <div class="cart_frame">
                      <a href="#" class="cart_icon" title="장바구니 아이콘"
                        ><i class="fa-solid fa-cart-shopping cart_icon_img"></i
                      ></a>
                    </div>
                    <div class="menu_sale">3%</div>
                    <img
                      src="greek_images/yogurt1-removebg-preview.png"
                      alt="yogurt1 image"
                      class="menu_inr_img"
                    />
                    <img
                      src="greek_images/yogurt1.gif"
                      alt="yogurt1 image"
                      class="menu_inr_img_back"
                    />
                    <div class="menu_txt">
                      <strong class="menu_txt_title"
                        >그릭데이 그릭요거트 시그니처 100g *3개입</strong
                      >
                      <p class="menu_txt_tag">
                        <span
                          style="
                            font-size: 0.9rem;
                            color: var(--color-primary-variant);
                          "
                          >#시그니처 #꾸덕 #100g</span
                        >
                      </p>
                      <p class="menu_txt_price">
                        <span
                          style="
                            color: var(--color-accent);
                            font-weight: 600;
                            font-size: 1.25rem;
                          "
                          >3%
                        </span>
                        <span style="text-decoration: line-through">
                          10,800원</span
                        >
                        <span style="font-weight: 600; font-size: 1.25rem">
                          10,470원</span
                        >
                      </p>
                    </div>
                  </div>
                </li>

                <li class="menu_frame">
                  <div class="menu_frame_inr">
                    <!-- 장바구니아이콘 -->
                    <div class="cart_frame">
                      <a href="#" class="cart_icon" title="장바구니 아이콘"
                        ><i class="fa-solid fa-cart-shopping cart_icon_img"></i
                      ></a>
                    </div>
                    <div class="menu_sale">3%</div>
                    <img
                      src="greek_images/yogurt2-removebg-preview.png"
                      alt="yogurt1 image"
                      class="menu_inr_img"
                    />
                    <img
                      src="greek_images/yogurt2.gif"
                      alt="yogurt1 image"
                      class="menu_inr_img_back"
                    />
                    <div class="menu_txt">
                      <strong class="menu_txt_title"
                        >그릭데이 그릭요거트 라이트 100g *3개입</strong
                      >
                      <p class="menu_txt_tag">
                        <span
                          style="
                            font-size: 0.9rem;
                            color: var(--color-primary-variant);
                          "
                          >#라이트 #소프트 #100g</span
                        >
                      </p>
                      <p class="menu_txt_price">
                        <span
                          style="
                            color: var(--color-accent);
                            font-weight: 600;
                            font-size: 1.25rem;
                          "
                          >3%
                        </span>
                        <span style="text-decoration: line-through">
                          9,900원</span
                        >
                        <span style="font-weight: 600; font-size: 1.25rem">
                          9,600원</span
                        >
                      </p>
                    </div>
                  </div>
                </li>

                <li class="menu_frame">
                  <div class="menu_frame_inr">
                    <!-- 장바구니아이콘 -->
                    <div class="cart_frame">
                      <a href="#" class="cart_icon" title="장바구니 아이콘"
                        ><i class="fa-solid fa-cart-shopping cart_icon_img"></i
                      ></a>
                    </div>
                    <div class="menu_sale">27%</div>
                    <img
                      src="greek_images/yogurt3.png"
                      alt="yogurt1 image"
                      class="menu_inr_img"
                    />
                    <img
                      src="greek_images/yogurt1.gif"
                      alt="yogurt1 image"
                      class="menu_inr_img_back"
                    />
                    <div class="menu_txt">
                      <strong class="menu_txt_title"
                        >그릭데이 그릭요거트 시그니처 800g
                      </strong>
                      <p class="menu_txt_tag">
                        <span
                          style="
                            font-size: 0.9rem;
                            color: var(--color-primary-variant);
                          "
                          >100g당 2,625원!</span
                        >
                      </p>
                      <p class="menu_txt_price">
                        <span
                          style="
                            color: var(--color-accent);
                            font-weight: 600;
                            font-size: 1.25rem;
                          "
                          >27 %
                        </span>
                        <span style="text-decoration: line-through">
                          28,800원</span
                        >
                        <span style="font-weight: 600; font-size: 1.25rem">
                          21,000원</span
                        >
                      </p>
                    </div>
                  </div>
                </li>

                <li class="menu_frame">
                  <div class="menu_frame_inr">
                    <!-- 장바구니아이콘 -->
                    <div class="cart_frame">
                      <a href="#" class="cart_icon" title="장바구니 아이콘"
                        ><i class="fa-solid fa-cart-shopping cart_icon_img"></i
                      ></a>
                    </div>
                    <div class="menu_sale">28%</div>
                    <img
                      src="greek_images/yogurt4.png"
                      alt="yogurt1 image"
                      class="menu_inr_img"
                    />
                    <img
                      src="greek_images/yogurt2.gif"
                      alt="yogurt1 image"
                      class="menu_inr_img_back"
                    />
                    <div class="menu_txt">
                      <strong class="menu_txt_title"
                        >그릭데이 그릭요거트 라이트 800g</strong
                      >
                      <p class="menu_txt_tag">
                        <span
                          style="
                            font-size: 0.9rem;
                            color: var(--color-primary-variant);
                          "
                          >100g당 2,375원!
                        </span>
                      </p>
                      <p class="menu_txt_price">
                        <span
                          style="
                            color: var(--color-accent);
                            font-weight: 600;
                            font-size: 1.25rem;
                          "
                          >28 %
                        </span>
                        <span style="text-decoration: line-through">
                          26,400원</span
                        >
                        <span style="font-weight: 600; font-size: 1.25rem">
                          19,000원</span
                        >
                      </p>
                    </div>
                  </div>
                </li>

                <li class="menu_frame">
                  <div class="menu_frame_inr">
                    <!-- 장바구니아이콘 -->
                    <div class="cart_frame">
                      <a href="#" class="cart_icon" title="장바구니 아이콘"
                        ><i class="fa-solid fa-cart-shopping cart_icon_img"></i
                      ></a>
                    </div>
                    <div class="menu_sale">17%</div>
                    <img
                      src="greek_images/yogurt5.png"
                      alt="yogurt1 image"
                      class="menu_inr_img"
                    />
                    <img
                      src="greek_images/yogurt1.gif"
                      alt="yogurt1 image"
                      class="menu_inr_img_back"
                    />
                    <div class="menu_txt">
                      <strong class="menu_txt_title"
                        >그릭데이 그릭요거트 시그니처 450g</strong
                      >
                      <p class="menu_txt_tag">
                        <span
                          style="
                            font-size: 0.9rem;
                            color: var(--color-primary-variant);
                          "
                          >100g당 3,000원!</span
                        >
                      </p>
                      <p class="menu_txt_price">
                        <span
                          style="
                            color: var(--color-accent);
                            font-weight: 600;
                            font-size: 1.25rem;
                          "
                          >17 %
                        </span>
                        <span style="text-decoration: line-through">
                          16,200원</span
                        >
                        <span style="font-weight: 600; font-size: 1.25rem">
                          13,500원</span
                        >
                      </p>
                    </div>
                  </div>
                </li>

                <li class="menu_frame">
                  <div class="menu_frame_inr">
                    <!-- 장바구니아이콘 -->
                    <div class="cart_frame">
                      <a href="#" class="cart_icon" title="장바구니 아이콘"
                        ><i class="fa-solid fa-cart-shopping cart_icon_img"></i
                      ></a>
                    </div>
                    <div class="menu_sale">16%</div>
                    <img
                      src="greek_images/yogurt6.png"
                      alt="yogurt1 image"
                      class="menu_inr_img"
                    />
                    <img
                      src="greek_images/yogurt2.gif"
                      alt="yogurt1 image"
                      class="menu_inr_img_back"
                    />
                    <div class="menu_txt">
                      <strong class="menu_txt_title"
                        >그릭데이 그릭요거트 라이트 450g</strong
                      >
                      <p class="menu_txt_tag">
                        <span
                          style="
                            font-size: 0.9rem;
                            color: var(--color-primary-variant);
                          "
                          >100g당 2,778원!
                        </span>
                      </p>
                      <p class="menu_txt_price">
                        <span
                          style="
                            color: var(--color-accent);
                            font-weight: 600;
                            font-size: 1.25rem;
                          "
                          >16 %
                        </span>
                        <span style="text-decoration: line-through">
                          14,850원</span
                        >
                        <span style="font-weight: 600; font-size: 1.25rem">
                          12,500원</span
                        >
                      </p>
                    </div>
                  </div>
                </li>

                <li class="menu_frame">
                  <div class="menu_frame_inr">
                    <!-- 장바구니아이콘 -->
                    <div class="cart_frame">
                      <a href="#" class="cart_icon" title="장바구니 아이콘"
                        ><i class="fa-solid fa-cart-shopping cart_icon_img"></i
                      ></a>
                    </div>
                    <div class="menu_sale">5%</div>
                    <img
                      src="greek_images/yogurt7.png"
                      alt="yogurt1 image"
                      class="menu_inr_img"
                    />
                    <img
                      src="greek_images/yogurt7.gif"
                      alt="yogurt1 image"
                      class="menu_inr_img_back"
                    />
                    <div class="menu_txt">
                      <strong class="menu_txt_title"
                        >그릭데이 그릭드링크 200ml *5개입
                      </strong>
                      <p class="menu_txt_tag">
                        <span
                          style="
                            font-size: 0.9rem;
                            color: var(--color-primary-variant);
                          "
                          >#시그니처 #꾸덕 #100g</span
                        >
                      </p>
                      <p class="menu_txt_price">
                        <span
                          style="
                            color: var(--color-accent);
                            font-weight: 600;
                            font-size: 1.25rem;
                          "
                          >5 %
                        </span>
                        <span style="text-decoration: line-through">
                          14,000원</span
                        >
                        <span style="font-weight: 600; font-size: 1.25rem">
                          13,300원</span
                        >
                      </p>
                    </div>
                  </div>
                </li>

                <li class="menu_frame">
                  <div class="menu_frame_inr">
                    <!-- 장바구니아이콘 -->
                    <div class="cart_frame">
                      <a href="#" class="cart_icon" title="장바구니 아이콘"
                        ><i class="fa-solid fa-cart-shopping cart_icon_img"></i
                      ></a>
                    </div>
                    <div class="menu_sale">5%</div>
                    <img
                      src="greek_images/yogurt8.png"
                      alt="yogurt1 image"
                      class="menu_inr_img"
                    />
                    <img
                      src="greek_images/yogurt7.gif"
                      alt="yogurt1 image"
                      class="menu_inr_img_back"
                    />
                    <div class="menu_txt">
                      <strong class="menu_txt_title"
                        >그릭데이 그릭요거트 시그니처 100g *3개입</strong
                      >
                      <p class="menu_txt_tag">
                        <span
                          style="
                            font-size: 0.9rem;
                            color: var(--color-primary-variant);
                          "
                          >#시그니처 #꾸덕 #100g</span
                        >
                      </p>
                      <p class="menu_txt_price">
                        <span
                          style="
                            color: var(--color-accent);
                            font-weight: 600;
                            font-size: 1.25rem;
                          "
                          >3%
                        </span>
                        <span style="text-decoration: line-through">
                          10,800원</span
                        >
                        <span style="font-weight: 600; font-size: 1.25rem">
                          10,470원</span
                        >
                      </p>
                    </div>
                  </div>
                </li>
              </ul>
            </div>

            <!-- 베이커리 -->
            <div class="bakery">
              <ul class="menu_inr_container">
                <li class="menu_frame">
                  <div class="menu_frame_inr">
                    <!-- 장바구니아이콘 -->
                    <div class="cart_frame">
                      <a href="#" class="cart_icon" title="장바구니 아이콘"
                        ><i class="fa-solid fa-cart-shopping cart_icon_img"></i
                      ></a>
                    </div>
                    <div class="menu_sale">3%</div>
                    <img
                      src="greek_images/yogurt1-removebg-preview.png"
                      alt="yogurt1 image"
                      class="menu_inr_img"
                    />
                    <img
                      src="greek_images/yogurt1.gif"
                      alt="yogurt1 image"
                      class="menu_inr_img_back"
                    />
                    <div class="menu_txt">
                      <strong class="menu_txt_title"
                        >그릭데이 그릭요거트 시그니처 100g *3개입</strong
                      >
                      <p class="menu_txt_tag">
                        <span
                          style="
                            font-size: 0.9rem;
                            color: var(--color-primary-variant);
                          "
                          >#시그니처 #꾸덕 #100g</span
                        >
                      </p>
                      <p class="menu_txt_price">
                        <span
                          style="
                            color: var(--color-accent);
                            font-weight: 600;
                            font-size: 1.25rem;
                          "
                          >3%
                        </span>
                        <span style="text-decoration: line-through">
                          10,800원</span
                        >
                        <span style="font-weight: 600; font-size: 1.25rem">
                          10,470원</span
                        >
                      </p>
                    </div>
                  </div>
                </li>

                <li class="menu_frame">
                  <div class="menu_frame_inr">
                    <!-- 장바구니아이콘 -->
                    <div class="cart_frame">
                      <a href="#" class="cart_icon" title="장바구니 아이콘"
                        ><i class="fa-solid fa-cart-shopping cart_icon_img"></i
                      ></a>
                    </div>
                    <div class="menu_sale">3%</div>
                    <img
                      src="greek_images/yogurt2-removebg-preview.png"
                      alt="yogurt1 image"
                      class="menu_inr_img"
                    />
                    <img
                      src="greek_images/yogurt2.gif"
                      alt="yogurt1 image"
                      class="menu_inr_img_back"
                    />
                    <div class="menu_txt">
                      <strong class="menu_txt_title"
                        >그릭데이 그릭요거트 라이트 100g *3개입</strong
                      >
                      <p class="menu_txt_tag">
                        <span
                          style="
                            font-size: 0.9rem;
                            color: var(--color-primary-variant);
                          "
                          >#라이트 #소프트 #100g</span
                        >
                      </p>
                      <p class="menu_txt_price">
                        <span
                          style="
                            color: var(--color-accent);
                            font-weight: 600;
                            font-size: 1.25rem;
                          "
                          >3%
                        </span>
                        <span style="text-decoration: line-through">
                          9,900원</span
                        >
                        <span style="font-weight: 600; font-size: 1.25rem">
                          9,600원</span
                        >
                      </p>
                    </div>
                  </div>
                </li>

                <li class="menu_frame">
                  <div class="menu_frame_inr">
                    <!-- 장바구니아이콘 -->
                    <div class="cart_frame">
                      <a href="#" class="cart_icon" title="장바구니 아이콘"
                        ><i class="fa-solid fa-cart-shopping cart_icon_img"></i
                      ></a>
                    </div>
                    <div class="menu_sale">27%</div>
                    <img
                      src="greek_images/yogurt3.png"
                      alt="yogurt1 image"
                      class="menu_inr_img"
                    />
                    <img
                      src="greek_images/yogurt1.gif"
                      alt="yogurt1 image"
                      class="menu_inr_img_back"
                    />
                    <div class="menu_txt">
                      <strong class="menu_txt_title"
                        >그릭데이 그릭요거트 시그니처 800g
                      </strong>
                      <p class="menu_txt_tag">
                        <span
                          style="
                            font-size: 0.9rem;
                            color: var(--color-primary-variant);
                          "
                          >100g당 2,625원!</span
                        >
                      </p>
                      <p class="menu_txt_price">
                        <span
                          style="
                            color: var(--color-accent);
                            font-weight: 600;
                            font-size: 1.25rem;
                          "
                          >27 %
                        </span>
                        <span style="text-decoration: line-through">
                          28,800원</span
                        >
                        <span style="font-weight: 600; font-size: 1.25rem">
                          21,000원</span
                        >
                      </p>
                    </div>
                  </div>
                </li>

                <li class="menu_frame">
                  <div class="menu_frame_inr">
                    <!-- 장바구니아이콘 -->
                    <div class="cart_frame">
                      <a href="#" class="cart_icon" title="장바구니 아이콘"
                        ><i class="fa-solid fa-cart-shopping cart_icon_img"></i
                      ></a>
                    </div>
                    <div class="menu_sale">28%</div>
                    <img
                      src="greek_images/yogurt4.png"
                      alt="yogurt1 image"
                      class="menu_inr_img"
                    />
                    <img
                      src="greek_images/yogurt2.gif"
                      alt="yogurt1 image"
                      class="menu_inr_img_back"
                    />
                    <div class="menu_txt">
                      <strong class="menu_txt_title"
                        >그릭데이 그릭요거트 라이트 800g</strong
                      >
                      <p class="menu_txt_tag">
                        <span
                          style="
                            font-size: 0.9rem;
                            color: var(--color-primary-variant);
                          "
                          >100g당 2,375원!
                        </span>
                      </p>
                      <p class="menu_txt_price">
                        <span
                          style="
                            color: var(--color-accent);
                            font-weight: 600;
                            font-size: 1.25rem;
                          "
                          >28 %
                        </span>
                        <span style="text-decoration: line-through">
                          26,400원</span
                        >
                        <span style="font-weight: 600; font-size: 1.25rem">
                          19,000원</span
                        >
                      </p>
                    </div>
                  </div>
                </li>

                <li class="menu_frame">
                  <div class="menu_frame_inr">
                    <!-- 장바구니아이콘 -->
                    <div class="cart_frame">
                      <a href="#" class="cart_icon" title="장바구니 아이콘"
                        ><i class="fa-solid fa-cart-shopping cart_icon_img"></i
                      ></a>
                    </div>
                    <div class="menu_sale">17%</div>
                    <img
                      src="greek_images/yogurt5.png"
                      alt="yogurt1 image"
                      class="menu_inr_img"
                    />
                    <img
                      src="greek_images/yogurt1.gif"
                      alt="yogurt1 image"
                      class="menu_inr_img_back"
                    />
                    <div class="menu_txt">
                      <strong class="menu_txt_title"
                        >그릭데이 그릭요거트 시그니처 450g</strong
                      >
                      <p class="menu_txt_tag">
                        <span
                          style="
                            font-size: 0.9rem;
                            color: var(--color-primary-variant);
                          "
                          >100g당 3,000원!</span
                        >
                      </p>
                      <p class="menu_txt_price">
                        <span
                          style="
                            color: var(--color-accent);
                            font-weight: 600;
                            font-size: 1.25rem;
                          "
                          >17 %
                        </span>
                        <span style="text-decoration: line-through">
                          16,200원</span
                        >
                        <span style="font-weight: 600; font-size: 1.25rem">
                          13,500원</span
                        >
                      </p>
                    </div>
                  </div>
                </li>

                <li class="menu_frame">
                  <div class="menu_frame_inr">
                    <!-- 장바구니아이콘 -->
                    <div class="cart_frame">
                      <a href="#" class="cart_icon" title="장바구니 아이콘"
                        ><i class="fa-solid fa-cart-shopping cart_icon_img"></i
                      ></a>
                    </div>
                    <div class="menu_sale">16%</div>
                    <img
                      src="greek_images/yogurt6.png"
                      alt="yogurt1 image"
                      class="menu_inr_img"
                    />
                    <img
                      src="greek_images/yogurt2.gif"
                      alt="yogurt1 image"
                      class="menu_inr_img_back"
                    />
                    <div class="menu_txt">
                      <strong class="menu_txt_title"
                        >그릭데이 그릭요거트 라이트 450g</strong
                      >
                      <p class="menu_txt_tag">
                        <span
                          style="
                            font-size: 0.9rem;
                            color: var(--color-primary-variant);
                          "
                          >100g당 2,778원!
                        </span>
                      </p>
                      <p class="menu_txt_price">
                        <span
                          style="
                            color: var(--color-accent);
                            font-weight: 600;
                            font-size: 1.25rem;
                          "
                          >16 %
                        </span>
                        <span style="text-decoration: line-through">
                          14,850원</span
                        >
                        <span style="font-weight: 600; font-size: 1.25rem">
                          12,500원</span
                        >
                      </p>
                    </div>
                  </div>
                </li>

                <li class="menu_frame">
                  <div class="menu_frame_inr">
                    <!-- 장바구니아이콘 -->
                    <div class="cart_frame">
                      <a href="#" class="cart_icon" title="장바구니 아이콘"
                        ><i class="fa-solid fa-cart-shopping cart_icon_img"></i
                      ></a>
                    </div>
                    <div class="menu_sale">5%</div>
                    <img
                      src="greek_images/yogurt7.png"
                      alt="yogurt1 image"
                      class="menu_inr_img"
                    />
                    <img
                      src="greek_images/yogurt7.gif"
                      alt="yogurt1 image"
                      class="menu_inr_img_back"
                    />
                    <div class="menu_txt">
                      <strong class="menu_txt_title"
                        >그릭데이 그릭드링크 200ml *5개입
                      </strong>
                      <p class="menu_txt_tag">
                        <span
                          style="
                            font-size: 0.9rem;
                            color: var(--color-primary-variant);
                          "
                          >#시그니처 #꾸덕 #100g</span
                        >
                      </p>
                      <p class="menu_txt_price">
                        <span
                          style="
                            color: var(--color-accent);
                            font-weight: 600;
                            font-size: 1.25rem;
                          "
                          >5 %
                        </span>
                        <span style="text-decoration: line-through">
                          14,000원</span
                        >
                        <span style="font-weight: 600; font-size: 1.25rem">
                          13,300원</span
                        >
                      </p>
                    </div>
                  </div>
                </li>

                <li class="menu_frame">
                  <div class="menu_frame_inr">
                    <!-- 장바구니아이콘 -->
                    <div class="cart_frame">
                      <a href="#" class="cart_icon" title="장바구니 아이콘"
                        ><i class="fa-solid fa-cart-shopping cart_icon_img"></i
                      ></a>
                    </div>
                    <div class="menu_sale">5%</div>
                    <img
                      src="greek_images/yogurt8.png"
                      alt="yogurt1 image"
                      class="menu_inr_img"
                    />
                    <img
                      src="greek_images/yogurt7.gif"
                      alt="yogurt1 image"
                      class="menu_inr_img_back"
                    />
                    <div class="menu_txt">
                      <strong class="menu_txt_title"
                        >그릭데이 그릭요거트 시그니처 100g *3개입</strong
                      >
                      <p class="menu_txt_tag">
                        <span
                          style="
                            font-size: 0.9rem;
                            color: var(--color-primary-variant);
                          "
                          >#시그니처 #꾸덕 #100g</span
                        >
                      </p>
                      <p class="menu_txt_price">
                        <span
                          style="
                            color: var(--color-accent);
                            font-weight: 600;
                            font-size: 1.25rem;
                          "
                          >3%
                        </span>
                        <span style="text-decoration: line-through">
                          10,800원</span
                        >
                        <span style="font-weight: 600; font-size: 1.25rem">
                          10,470원</span
                        >
                      </p>
                    </div>
                  </div>
                </li>
              </ul>
            </div>

            <!-- 세트 -->
            <div class="set">
              <ul class="menu_inr_container">
                <li class="menu_frame">
                  <div class="menu_frame_inr">
                    <!-- 장바구니아이콘 -->
                    <div class="cart_frame">
                      <a href="#" class="cart_icon" title="장바구니 아이콘"
                        ><i class="fa-solid fa-cart-shopping cart_icon_img"></i
                      ></a>
                    </div>
                    <div class="menu_sale">3%</div>
                    <img
                      src="greek_images/yogurt1-removebg-preview.png"
                      alt="yogurt1 image"
                      class="menu_inr_img"
                    />
                    <img
                      src="greek_images/yogurt1.gif"
                      alt="yogurt1 image"
                      class="menu_inr_img_back"
                    />
                    <div class="menu_txt">
                      <strong class="menu_txt_title"
                        >그릭데이 그릭요거트 시그니처 100g *3개입</strong
                      >
                      <p class="menu_txt_tag">
                        <span
                          style="
                            font-size: 0.9rem;
                            color: var(--color-primary-variant);
                          "
                          >#시그니처 #꾸덕 #100g</span
                        >
                      </p>
                      <p class="menu_txt_price">
                        <span
                          style="
                            color: var(--color-accent);
                            font-weight: 600;
                            font-size: 1.25rem;
                          "
                          >3%
                        </span>
                        <span style="text-decoration: line-through">
                          10,800원</span
                        >
                        <span style="font-weight: 600; font-size: 1.25rem">
                          10,470원</span
                        >
                      </p>
                    </div>
                  </div>
                </li>

                <li class="menu_frame">
                  <div class="menu_frame_inr">
                    <!-- 장바구니아이콘 -->
                    <div class="cart_frame">
                      <a href="#" class="cart_icon" title="장바구니 아이콘"
                        ><i class="fa-solid fa-cart-shopping cart_icon_img"></i
                      ></a>
                    </div>
                    <div class="menu_sale">3%</div>
                    <img
                      src="greek_images/yogurt2-removebg-preview.png"
                      alt="yogurt1 image"
                      class="menu_inr_img"
                    />
                    <img
                      src="greek_images/yogurt2.gif"
                      alt="yogurt1 image"
                      class="menu_inr_img_back"
                    />
                    <div class="menu_txt">
                      <strong class="menu_txt_title"
                        >그릭데이 그릭요거트 라이트 100g *3개입</strong
                      >
                      <p class="menu_txt_tag">
                        <span
                          style="
                            font-size: 0.9rem;
                            color: var(--color-primary-variant);
                          "
                          >#라이트 #소프트 #100g</span
                        >
                      </p>
                      <p class="menu_txt_price">
                        <span
                          style="
                            color: var(--color-accent);
                            font-weight: 600;
                            font-size: 1.25rem;
                          "
                          >3%
                        </span>
                        <span style="text-decoration: line-through">
                          9,900원</span
                        >
                        <span style="font-weight: 600; font-size: 1.25rem">
                          9,600원</span
                        >
                      </p>
                    </div>
                  </div>
                </li>

                <li class="menu_frame">
                  <div class="menu_frame_inr">
                    <!-- 장바구니아이콘 -->
                    <div class="cart_frame">
                      <a href="#" class="cart_icon" title="장바구니 아이콘"
                        ><i class="fa-solid fa-cart-shopping cart_icon_img"></i
                      ></a>
                    </div>
                    <div class="menu_sale">27%</div>
                    <img
                      src="greek_images/yogurt3.png"
                      alt="yogurt1 image"
                      class="menu_inr_img"
                    />
                    <img
                      src="greek_images/yogurt1.gif"
                      alt="yogurt1 image"
                      class="menu_inr_img_back"
                    />
                    <div class="menu_txt">
                      <strong class="menu_txt_title"
                        >그릭데이 그릭요거트 시그니처 800g
                      </strong>
                      <p class="menu_txt_tag">
                        <span
                          style="
                            font-size: 0.9rem;
                            color: var(--color-primary-variant);
                          "
                          >100g당 2,625원!</span
                        >
                      </p>
                      <p class="menu_txt_price">
                        <span
                          style="
                            color: var(--color-accent);
                            font-weight: 600;
                            font-size: 1.25rem;
                          "
                          >27 %
                        </span>
                        <span style="text-decoration: line-through">
                          28,800원</span
                        >
                        <span style="font-weight: 600; font-size: 1.25rem">
                          21,000원</span
                        >
                      </p>
                    </div>
                  </div>
                </li>

                <li class="menu_frame">
                  <div class="menu_frame_inr">
                    <!-- 장바구니아이콘 -->
                    <div class="cart_frame">
                      <a href="#" class="cart_icon" title="장바구니 아이콘"
                        ><i class="fa-solid fa-cart-shopping cart_icon_img"></i
                      ></a>
                    </div>
                    <div class="menu_sale">28%</div>
                    <img
                      src="greek_images/yogurt4.png"
                      alt="yogurt1 image"
                      class="menu_inr_img"
                    />
                    <img
                      src="greek_images/yogurt2.gif"
                      alt="yogurt1 image"
                      class="menu_inr_img_back"
                    />
                    <div class="menu_txt">
                      <strong class="menu_txt_title"
                        >그릭데이 그릭요거트 라이트 800g</strong
                      >
                      <p class="menu_txt_tag">
                        <span
                          style="
                            font-size: 0.9rem;
                            color: var(--color-primary-variant);
                          "
                          >100g당 2,375원!
                        </span>
                      </p>
                      <p class="menu_txt_price">
                        <span
                          style="
                            color: var(--color-accent);
                            font-weight: 600;
                            font-size: 1.25rem;
                          "
                          >28 %
                        </span>
                        <span style="text-decoration: line-through">
                          26,400원</span
                        >
                        <span style="font-weight: 600; font-size: 1.25rem">
                          19,000원</span
                        >
                      </p>
                    </div>
                  </div>
                </li>

                <li class="menu_frame">
                  <div class="menu_frame_inr">
                    <!-- 장바구니아이콘 -->
                    <div class="cart_frame">
                      <a href="#" class="cart_icon" title="장바구니 아이콘"
                        ><i class="fa-solid fa-cart-shopping cart_icon_img"></i
                      ></a>
                    </div>
                    <div class="menu_sale">17%</div>
                    <img
                      src="greek_images/yogurt5.png"
                      alt="yogurt1 image"
                      class="menu_inr_img"
                    />
                    <img
                      src="greek_images/yogurt1.gif"
                      alt="yogurt1 image"
                      class="menu_inr_img_back"
                    />
                    <div class="menu_txt">
                      <strong class="menu_txt_title"
                        >그릭데이 그릭요거트 시그니처 450g</strong
                      >
                      <p class="menu_txt_tag">
                        <span
                          style="
                            font-size: 0.9rem;
                            color: var(--color-primary-variant);
                          "
                          >100g당 3,000원!</span
                        >
                      </p>
                      <p class="menu_txt_price">
                        <span
                          style="
                            color: var(--color-accent);
                            font-weight: 600;
                            font-size: 1.25rem;
                          "
                          >17 %
                        </span>
                        <span style="text-decoration: line-through">
                          16,200원</span
                        >
                        <span style="font-weight: 600; font-size: 1.25rem">
                          13,500원</span
                        >
                      </p>
                    </div>
                  </div>
                </li>

                <li class="menu_frame">
                  <div class="menu_frame_inr">
                    <!-- 장바구니아이콘 -->
                    <div class="cart_frame">
                      <a href="#" class="cart_icon" title="장바구니 아이콘"
                        ><i class="fa-solid fa-cart-shopping cart_icon_img"></i
                      ></a>
                    </div>
                    <div class="menu_sale">16%</div>
                    <img
                      src="greek_images/yogurt6.png"
                      alt="yogurt1 image"
                      class="menu_inr_img"
                    />
                    <img
                      src="greek_images/yogurt2.gif"
                      alt="yogurt1 image"
                      class="menu_inr_img_back"
                    />
                    <div class="menu_txt">
                      <strong class="menu_txt_title"
                        >그릭데이 그릭요거트 라이트 450g</strong
                      >
                      <p class="menu_txt_tag">
                        <span
                          style="
                            font-size: 0.9rem;
                            color: var(--color-primary-variant);
                          "
                          >100g당 2,778원!
                        </span>
                      </p>
                      <p class="menu_txt_price">
                        <span
                          style="
                            color: var(--color-accent);
                            font-weight: 600;
                            font-size: 1.25rem;
                          "
                          >16 %
                        </span>
                        <span style="text-decoration: line-through">
                          14,850원</span
                        >
                        <span style="font-weight: 600; font-size: 1.25rem">
                          12,500원</span
                        >
                      </p>
                    </div>
                  </div>
                </li>

                <li class="menu_frame">
                  <div class="menu_frame_inr">
                    <!-- 장바구니아이콘 -->
                    <div class="cart_frame">
                      <a href="#" class="cart_icon" title="장바구니 아이콘"
                        ><i class="fa-solid fa-cart-shopping cart_icon_img"></i
                      ></a>
                    </div>
                    <div class="menu_sale">5%</div>
                    <img
                      src="greek_images/yogurt7.png"
                      alt="yogurt1 image"
                      class="menu_inr_img"
                    />
                    <img
                      src="greek_images/yogurt7.gif"
                      alt="yogurt1 image"
                      class="menu_inr_img_back"
                    />
                    <div class="menu_txt">
                      <strong class="menu_txt_title"
                        >그릭데이 그릭드링크 200ml *5개입
                      </strong>
                      <p class="menu_txt_tag">
                        <span
                          style="
                            font-size: 0.9rem;
                            color: var(--color-primary-variant);
                          "
                          >#시그니처 #꾸덕 #100g</span
                        >
                      </p>
                      <p class="menu_txt_price">
                        <span
                          style="
                            color: var(--color-accent);
                            font-weight: 600;
                            font-size: 1.25rem;
                          "
                          >5 %
                        </span>
                        <span style="text-decoration: line-through">
                          14,000원</span
                        >
                        <span style="font-weight: 600; font-size: 1.25rem">
                          13,300원</span
                        >
                      </p>
                    </div>
                  </div>
                </li>

                <li class="menu_frame">
                  <div class="menu_frame_inr">
                    <!-- 장바구니아이콘 -->
                    <div class="cart_frame">
                      <a href="#" class="cart_icon" title="장바구니 아이콘"
                        ><i class="fa-solid fa-cart-shopping cart_icon_img"></i
                      ></a>
                    </div>
                    <div class="menu_sale">5%</div>
                    <img
                      src="greek_images/yogurt8.png"
                      alt="yogurt1 image"
                      class="menu_inr_img"
                    />
                    <img
                      src="greek_images/yogurt7.gif"
                      alt="yogurt1 image"
                      class="menu_inr_img_back"
                    />
                    <div class="menu_txt">
                      <strong class="menu_txt_title"
                        >그릭데이 그릭요거트 시그니처 100g *3개입</strong
                      >
                      <p class="menu_txt_tag">
                        <span
                          style="
                            font-size: 0.9rem;
                            color: var(--color-primary-variant);
                          "
                          >#시그니처 #꾸덕 #100g</span
                        >
                      </p>
                      <p class="menu_txt_price">
                        <span
                          style="
                            color: var(--color-accent);
                            font-weight: 600;
                            font-size: 1.25rem;
                          "
                          >3%
                        </span>
                        <span style="text-decoration: line-through">
                          10,800원</span
                        >
                        <span style="font-weight: 600; font-size: 1.25rem">
                          10,470원</span
                        >
                      </p>
                    </div>
                  </div>
                </li>
              </ul>
            </div>

            <!-- 굿즈 -->
            <div class="goods">
              <ul class="menu_inr_container">
                <li class="menu_frame">
                  <div class="menu_frame_inr">
                    <!-- 장바구니아이콘 -->
                    <div class="cart_frame">
                      <a href="#" class="cart_icon" title="장바구니 아이콘"
                        ><i class="fa-solid fa-cart-shopping cart_icon_img"></i
                      ></a>
                    </div>
                    <div class="menu_sale">3%</div>
                    <img
                      src="greek_images/yogurt1-removebg-preview.png"
                      alt="yogurt1 image"
                      class="menu_inr_img"
                    />
                    <img
                      src="greek_images/yogurt1.gif"
                      alt="yogurt1 image"
                      class="menu_inr_img_back"
                    />
                    <div class="menu_txt">
                      <strong class="menu_txt_title"
                        >그릭데이 그릭요거트 시그니처 100g *3개입</strong
                      >
                      <p class="menu_txt_tag">
                        <span
                          style="
                            font-size: 0.9rem;
                            color: var(--color-primary-variant);
                          "
                          >#시그니처 #꾸덕 #100g</span
                        >
                      </p>
                      <p class="menu_txt_price">
                        <span
                          style="
                            color: var(--color-accent);
                            font-weight: 600;
                            font-size: 1.25rem;
                          "
                          >3%
                        </span>
                        <span style="text-decoration: line-through">
                          10,800원</span
                        >
                        <span style="font-weight: 600; font-size: 1.25rem">
                          10,470원</span
                        >
                      </p>
                    </div>
                  </div>
                </li>

                <li class="menu_frame">
                  <div class="menu_frame_inr">
                    <!-- 장바구니아이콘 -->
                    <div class="cart_frame">
                      <a href="#" class="cart_icon" title="장바구니 아이콘"
                        ><i class="fa-solid fa-cart-shopping cart_icon_img"></i
                      ></a>
                    </div>
                    <div class="menu_sale">3%</div>
                    <img
                      src="greek_images/yogurt2-removebg-preview.png"
                      alt="yogurt1 image"
                      class="menu_inr_img"
                    />
                    <img
                      src="greek_images/yogurt2.gif"
                      alt="yogurt1 image"
                      class="menu_inr_img_back"
                    />
                    <div class="menu_txt">
                      <strong class="menu_txt_title"
                        >그릭데이 그릭요거트 라이트 100g *3개입</strong
                      >
                      <p class="menu_txt_tag">
                        <span
                          style="
                            font-size: 0.9rem;
                            color: var(--color-primary-variant);
                          "
                          >#라이트 #소프트 #100g</span
                        >
                      </p>
                      <p class="menu_txt_price">
                        <span
                          style="
                            color: var(--color-accent);
                            font-weight: 600;
                            font-size: 1.25rem;
                          "
                          >3%
                        </span>
                        <span style="text-decoration: line-through">
                          9,900원</span
                        >
                        <span style="font-weight: 600; font-size: 1.25rem">
                          9,600원</span
                        >
                      </p>
                    </div>
                  </div>
                </li>

                <li class="menu_frame">
                  <div class="menu_frame_inr">
                    <!-- 장바구니아이콘 -->
                    <div class="cart_frame">
                      <a href="#" class="cart_icon" title="장바구니 아이콘"
                        ><i class="fa-solid fa-cart-shopping cart_icon_img"></i
                      ></a>
                    </div>
                    <div class="menu_sale">27%</div>
                    <img
                      src="greek_images/yogurt3.png"
                      alt="yogurt1 image"
                      class="menu_inr_img"
                    />
                    <img
                      src="greek_images/yogurt1.gif"
                      alt="yogurt1 image"
                      class="menu_inr_img_back"
                    />
                    <div class="menu_txt">
                      <strong class="menu_txt_title"
                        >그릭데이 그릭요거트 시그니처 800g
                      </strong>
                      <p class="menu_txt_tag">
                        <span
                          style="
                            font-size: 0.9rem;
                            color: var(--color-primary-variant);
                          "
                          >100g당 2,625원!</span
                        >
                      </p>
                      <p class="menu_txt_price">
                        <span
                          style="
                            color: var(--color-accent);
                            font-weight: 600;
                            font-size: 1.25rem;
                          "
                          >27 %
                        </span>
                        <span style="text-decoration: line-through">
                          28,800원</span
                        >
                        <span style="font-weight: 600; font-size: 1.25rem">
                          21,000원</span
                        >
                      </p>
                    </div>
                  </div>
                </li>

                <li class="menu_frame">
                  <div class="menu_frame_inr">
                    <!-- 장바구니아이콘 -->
                    <div class="cart_frame">
                      <a href="#" class="cart_icon" title="장바구니 아이콘"
                        ><i class="fa-solid fa-cart-shopping cart_icon_img"></i
                      ></a>
                    </div>
                    <div class="menu_sale">28%</div>
                    <img
                      src="greek_images/yogurt4.png"
                      alt="yogurt1 image"
                      class="menu_inr_img"
                    />
                    <img
                      src="greek_images/yogurt2.gif"
                      alt="yogurt1 image"
                      class="menu_inr_img_back"
                    />
                    <div class="menu_txt">
                      <strong class="menu_txt_title"
                        >그릭데이 그릭요거트 라이트 800g</strong
                      >
                      <p class="menu_txt_tag">
                        <span
                          style="
                            font-size: 0.9rem;
                            color: var(--color-primary-variant);
                          "
                          >100g당 2,375원!
                        </span>
                      </p>
                      <p class="menu_txt_price">
                        <span
                          style="
                            color: var(--color-accent);
                            font-weight: 600;
                            font-size: 1.25rem;
                          "
                          >28 %
                        </span>
                        <span style="text-decoration: line-through">
                          26,400원</span
                        >
                        <span style="font-weight: 600; font-size: 1.25rem">
                          19,000원</span
                        >
                      </p>
                    </div>
                  </div>
                </li>

                <li class="menu_frame">
                  <div class="menu_frame_inr">
                    <!-- 장바구니아이콘 -->
                    <div class="cart_frame">
                      <a href="#" class="cart_icon" title="장바구니 아이콘"
                        ><i class="fa-solid fa-cart-shopping cart_icon_img"></i
                      ></a>
                    </div>
                    <div class="menu_sale">17%</div>
                    <img
                      src="greek_images/yogurt5.png"
                      alt="yogurt1 image"
                      class="menu_inr_img"
                    />
                    <img
                      src="greek_images/yogurt1.gif"
                      alt="yogurt1 image"
                      class="menu_inr_img_back"
                    />
                    <div class="menu_txt">
                      <strong class="menu_txt_title"
                        >그릭데이 그릭요거트 시그니처 450g</strong
                      >
                      <p class="menu_txt_tag">
                        <span
                          style="
                            font-size: 0.9rem;
                            color: var(--color-primary-variant);
                          "
                          >100g당 3,000원!</span
                        >
                      </p>
                      <p class="menu_txt_price">
                        <span
                          style="
                            color: var(--color-accent);
                            font-weight: 600;
                            font-size: 1.25rem;
                          "
                          >17 %
                        </span>
                        <span style="text-decoration: line-through">
                          16,200원</span
                        >
                        <span style="font-weight: 600; font-size: 1.25rem">
                          13,500원</span
                        >
                      </p>
                    </div>
                  </div>
                </li>

                <li class="menu_frame">
                  <div class="menu_frame_inr">
                    <!-- 장바구니아이콘 -->
                    <div class="cart_frame">
                      <a href="#" class="cart_icon" title="장바구니 아이콘"
                        ><i class="fa-solid fa-cart-shopping cart_icon_img"></i
                      ></a>
                    </div>
                    <div class="menu_sale">16%</div>
                    <img
                      src="greek_images/yogurt6.png"
                      alt="yogurt1 image"
                      class="menu_inr_img"
                    />
                    <img
                      src="greek_images/yogurt2.gif"
                      alt="yogurt1 image"
                      class="menu_inr_img_back"
                    />
                    <div class="menu_txt">
                      <strong class="menu_txt_title"
                        >그릭데이 그릭요거트 라이트 450g</strong
                      >
                      <p class="menu_txt_tag">
                        <span
                          style="
                            font-size: 0.9rem;
                            color: var(--color-primary-variant);
                          "
                          >100g당 2,778원!
                        </span>
                      </p>
                      <p class="menu_txt_price">
                        <span
                          style="
                            color: var(--color-accent);
                            font-weight: 600;
                            font-size: 1.25rem;
                          "
                          >16 %
                        </span>
                        <span style="text-decoration: line-through">
                          14,850원</span
                        >
                        <span style="font-weight: 600; font-size: 1.25rem">
                          12,500원</span
                        >
                      </p>
                    </div>
                  </div>
                </li>

                <li class="menu_frame">
                  <div class="menu_frame_inr">
                    <!-- 장바구니아이콘 -->
                    <div class="cart_frame">
                      <a href="#" class="cart_icon" title="장바구니 아이콘"
                        ><i class="fa-solid fa-cart-shopping cart_icon_img"></i
                      ></a>
                    </div>
                    <div class="menu_sale">5%</div>
                    <img
                      src="greek_images/yogurt7.png"
                      alt="yogurt1 image"
                      class="menu_inr_img"
                    />
                    <img
                      src="greek_images/yogurt7.gif"
                      alt="yogurt1 image"
                      class="menu_inr_img_back"
                    />
                    <div class="menu_txt">
                      <strong class="menu_txt_title"
                        >그릭데이 그릭드링크 200ml *5개입
                      </strong>
                      <p class="menu_txt_tag">
                        <span
                          style="
                            font-size: 0.9rem;
                            color: var(--color-primary-variant);
                          "
                          >#시그니처 #꾸덕 #100g</span
                        >
                      </p>
                      <p class="menu_txt_price">
                        <span
                          style="
                            color: var(--color-accent);
                            font-weight: 600;
                            font-size: 1.25rem;
                          "
                          >5 %
                        </span>
                        <span style="text-decoration: line-through">
                          14,000원</span
                        >
                        <span style="font-weight: 600; font-size: 1.25rem">
                          13,300원</span
                        >
                      </p>
                    </div>
                  </div>
                </li>

                <li class="menu_frame">
                  <div class="menu_frame_inr">
                    <!-- 장바구니아이콘 -->
                    <div class="cart_frame">
                      <a href="#" class="cart_icon" title="장바구니 아이콘"
                        ><i class="fa-solid fa-cart-shopping cart_icon_img"></i
                      ></a>
                    </div>
                    <div class="menu_sale">5%</div>
                    <img
                      src="greek_images/yogurt8.png"
                      alt="yogurt1 image"
                      class="menu_inr_img"
                    />
                    <img
                      src="greek_images/yogurt7.gif"
                      alt="yogurt1 image"
                      class="menu_inr_img_back"
                    />
                    <div class="menu_txt">
                      <strong class="menu_txt_title"
                        >그릭데이 그릭요거트 시그니처 100g *3개입</strong
                      >
                      <p class="menu_txt_tag">
                        <span
                          style="
                            font-size: 0.9rem;
                            color: var(--color-primary-variant);
                          "
                          >#시그니처 #꾸덕 #100g</span
                        >
                      </p>
                      <p class="menu_txt_price">
                        <span
                          style="
                            color: var(--color-accent);
                            font-weight: 600;
                            font-size: 1.25rem;
                          "
                          >3%
                        </span>
                        <span style="text-decoration: line-through">
                          10,800원</span
                        >
                        <span style="font-weight: 600; font-size: 1.25rem">
                          10,470원</span
                        >
                      </p>
                    </div>
                  </div>
                </li>
              </ul>
            </div>
          </div>
        </div>
      </section>
      <!-- 배너 -->
      <section id="greek_banner">
        <div class="max-container section">
          <div class="greek_banner">
            <div class="banner_slide">
              <!-- 화살표버튼 -->
              <div id="banner_arrow_btn">
                <button class="arrow_btn_left">
                              <svg
                                class="arrow_btn_svg"
                                xmlns="http://www.w3.org/2000/svg"
                                viewBox="0 0 320 512"
                              >
                                <!--!Font Awesome Free 6.5.1 by @fontawesome - https://fontawesome.com License - https://fontawesome.com/license/free Copyright 2024 Fonticons, Inc.-->
                                <path
                                  d="M9.4 233.4c-12.5 12.5-12.5 32.8 0 45.3l192 192c12.5 12.5 32.8 12.5 45.3 0s12.5-32.8 0-45.3L77.3 256 246.6 86.6c12.5-12.5 12.5-32.8 0-45.3s-32.8-12.5-45.3 0l-192 192z"
                                />
                              </svg>
                            </button>
                            <button class="arrow_btn_right">
                              <svg
                                class="arrow_btn_svg"
                                xmlns="http://www.w3.org/2000/svg"
                                viewBox="0 0 320 512"
                              >
                                <!--!Font Awesome Free 6.5.1 by @fontawesome - https://fontawesome.com License - https://fontawesome.com/license/free Copyright 2024 Fonticons, Inc.-->
                                <path
                                  d="M310.6 233.4c12.5 12.5 12.5 32.8 0 45.3l-192 192c-12.5 12.5-32.8 12.5-45.3 0s-12.5-32.8 0-45.3L242.7 256 73.4 86.6c-12.5-12.5-12.5-32.8 0-45.3s32.8-12.5 45.3 0l192 192z"
                                />
                              </svg>
                            </button>
                          </div>
              <div class="banner_slide1">
                <div class="banner_metadata">
                  <p class="banner_txt">
                    조금 더 편하고 쉽게 <span style="font-weight: 600; color: var(--color-accent); font-size: 1.8rem;">그릭데이 정기 배송</span>
                  </p>
                  
                  <p class="banner_txt">
                    주기가 늘어날수록 
                    <span style="font-weight: 600; color: var(--color-accent);  font-size: 1.8rem;">할인율도 UP!</span>
                  </p>
                  <button class="brand_btn banner_btn">
                    <span
                      >정기배송 구독신청
                      <i class="fa-solid fa-arrow-right"></i></span
                    ><span class="brand_btn_pointer"></span>
                  </button>
                </div>
  
                <div class="banner_img">
                  <img class="banner_img_middle" src="greek_images/slideup_txt.png" alt="every day, greek day"></img>
                  <img class="banner_img_bottom" src="greek_images/back_slideup.png" alt="그릭데이 시그니처 요거트"></img>
                </div>
              </div>
  
              <div class="banner_slide2">
                <div class="banner_metadata">
                  <p class="banner_txt">
                    달달한 밸런타인을 위한 <span style="font-weight: 600; color: #ffaec9; font-size: 1.8rem;">꽝 없는 랜덤 뽑기</span>
                  </p>
                  
                  <p class="banner_txt">
                    심쿵보장! 100% 
                    <span style="font-weight: 600; color: #ffaec9;  font-size: 1.8rem;">당첨확률! 100%</span>
                  </p>
                  <button class="brand_btn banner_btn">
                    <span
                      >자세히보기
                      <i class="fa-solid fa-arrow-right"></i></span
                    ><span class="brand_btn_pointer"></span>
                  </button>
                </div>
  
                <div class="banner_img">
                  <img class="banner_img_middle" src="greek_images/slideup_txt2.png" alt="every day, greek day"></img>
                  <img class="banner_img_bottom" src="greek_images/banner2.png" alt="그릭데이 시그니처 요거트"></img>
                </div>
              </div>
            </div>
          </div>
        </div>
      </section>

      <!-- partner -->
      <section id="partner">
        <div class="partner max-container section">
          <h2 class="partner_title title">Partner</h2>

          <div class="partner_container">
            <ul class="partner_wrap">
              <li class="partner_wrap_list">
                <div class="partner_wrap_list_inr">
                  <img
                    class="partner_wrap_list_inr_img"
                    src="greek_images/img_partner_b2b1.jpg"
                    alt="그릭데이 파트너목차1"
                  />
                  <p class="partner_wrap_list_inr_txt">
                    소중한 직원들에게 <span class="hidden"></span>든든한
                    요거트를 제공하고 싶은 회사
                  </p>
                </div>
              </li>
              <li class="partner_wrap_list">
                <div class="partner_wrap_list_inr">
                  <img
                    class="partner_wrap_list_inr_img"
                    src="greek_images/img_partner_b2b2.jpg"
                    alt="그릭데이 파트너목차2"
                  />
                  <p class="partner_wrap_list_inr_txt">
                    소중한 손님들에게 <span class="hidden"></span>꾸덕한
                    디저트를 선보이고 싶은 카페
                  </p>
                </div>
              </li>
              <li class="partner_wrap_list">
                <div class="partner_wrap_list_inr">
                  <img
                    class="partner_wrap_list_inr_img"
                    src="greek_images/img_partner_b2b3.jpg"
                    alt="그릭데이 파트너목차3"
                  />
                  <p class="partner_wrap_list_inr_txt">
                    소중한 고객들에게 <span class="hidden"></span> 건강한 제품을
                    판매하고 싶은 종합 플랫폼
                  </p>
                </div>
              </li>
            </ul>
          </div>

          <div class="partner_btn_wrap">
            <p class="description">B2B 제휴 및 계약을 원하는 사업자라면?</p>
            <button class="brand_btn">
              <span
                >가맹점 문의하기 <i class="fa-solid fa-arrow-right"></i></span
              ><span class="brand_btn_pointer"></span>
            </button>
          </div>
          <!-- 파트너회사 -->
          <div class="partner_company">
            <p class="description partner_company_title">
              (주)스위트바이오 그릭데이에서 인증한 공식 판매처
            </p>
            <div class="partner_company_all">
              <ul class="partner_company_wrap">
                <li class="partner_company_list">
                  <img
                    src="greek_images/partner_company (1).png"
                    alt="공식판매처1"
                  />
                </li>
                <li class="partner_company_list">
                  <img
                    src="greek_images/partner_company (2).png"
                    alt="공식판매처2"
                  />
                </li>
                <li class="partner_company_list">
                  <img
                    src="greek_images/partner_company (3).png"
                    alt="공식판매처3"
                  />
                </li>
                <li class="partner_company_list">
                  <img
                    src="greek_images/partner_company (4).png"
                    alt="공식판매처4"
                  />
                </li>
                <li class="partner_company_list">
                  <img
                    src="greek_images/partner_company (5).png"
                    alt="공식판매처5"
                  />
                </li>
                <li class="partner_company_list">
                  <img
                    src="greek_images/partner_company (6).png"
                    alt="공식판매처6"
                  />
                </li>
                <li class="partner_company_list">
                  <img
                    src="greek_images/partner_company (7).png"
                    alt="공식판매처7"
                  />
                </li>
                <li class="partner_company_list">
                  <img
                    src="greek_images/partner_company (8).png"
                    alt="공식판매처"
                  />
                </li>
                <li class="partner_company_list">
                  <img
                    src="greek_images/partner_company (9).png"
                    alt="공식판매처"
                  />
                </li>
                <li class="partner_company_list">
                  <img
                    src="greek_images/partner_company (10).png"
                    alt="공식판매처"
                  />
                </li>
                <li class="partner_company_list">
                  <img
                    src="greek_images/partner_company (11).png"
                    alt="공식판매처"
                  />
                </li>
                <li class="partner_company_list">
                  <img
                    src="greek_images/partner_company (12).png"
                    alt="공식판매처"
                  />
                </li>
              </ul>
            </div>
          </div>
        </div>
      </section>
      <!-- SNS -->
      <section id="grk_sns">
        <div class="grk_sns max-container section">
        <h2 class="title grk_sns_title">Follow Us</h2>
        <a href="https://www.instagram.com/greek_day/" target="_blank">
          <p class="description grk_sns_txt">@greek_day</p>
        </a>
        

        <div class="grk_sns_inr">
        <ul class="grk_sns_inr_wrap">
          <li class="grk_sns_inr_wrap_list">
            <a class="grk_sns_inr_wrap_link" href="https://www.instagram.com/p/C29bq4druRO/?img_index=1" target="_blank">
              <figure>
                <img class="grid-img" src="https://scontent-ssn1-1.cdninstagram.com/v/t51.29350-15/425011626_1049663469426833_2038049707013739405_n.jpg?_nc_cat=101&amp;ccb=1-7&amp;_nc_sid=18de74&amp;_nc_ohc=NfUHOVkIpkIAX_NLMbK&amp;_nc_ht=scontent-ssn1-1.cdninstagram.com&amp;edm=AM6HXa8EAAAA&amp;oh=00_AfCnnCBTDRKe2Hv30-YX-ECNVXpHU0PL9-NgTwBfuxgD7g&amp;oe=65CF1ABD" data-link="https://www.instagram.com/p/C29bq4druRO/" alt="instagram photo" >
              </figure>
            </a>
          </li>
          <li class="grk_sns_inr_wrap_list">
            <a class="grk_sns_inr_wrap_link" href="https://www.instagram.com/reel/C21qBRmv7rP/" target="_blank">
              <figure>
                <img class="grid-img" src="https://scontent-ssn1-1.cdninstagram.com/v/t51.29350-15/424953832_3653399918270131_2888939386778148943_n.jpg?_nc_cat=108&amp;ccb=1-7&amp;_nc_sid=18de74&amp;_nc_ohc=FrIX9-1xvnEAX_QEz8a&amp;_nc_ht=scontent-ssn1-1.cdninstagram.com&amp;edm=AM6HXa8EAAAA&amp;oh=00_AfANn-v-DNmjq-hLVtDXv662uRwFzTDC8jH76uIKrBbotw&amp;oe=65CEE7D7" data-link="https://www.instagram.com/reel/C21qBRmv7rP/" alt="instagram photo" >
              </figure>
            </a>
          </li>
          <li class="grk_sns_inr_wrap_list">
            <a class="grk_sns_inr_wrap_link" href="https://www.instagram.com/p/C2yw8l5vM4T/" target="_blank">
              <figure>
                <img class="grid-img" src="https://scontent-ssn1-1.cdninstagram.com/v/t39.30808-6/423672307_18334178482096505_4115010912699235298_n.jpg?_nc_cat=108&amp;ccb=1-7&amp;_nc_sid=18de74&amp;_nc_ohc=pObuXwbd64EAX9i52lh&amp;_nc_ht=scontent-ssn1-1.cdninstagram.com&amp;edm=AM6HXa8EAAAA&amp;oh=00_AfAC_tYx--bPd5cSsaUIYt7U_dKxkEHV31gc97ACfFk0QA&amp;oe=65CDFE78" data-link="https://www.instagram.com/p/C2yw8l5vM4T/" alt="instagram photo" class="grid-img">
              </figure>
            </a>
          </li>
          <li class="grk_sns_inr_wrap_list">
            <a class="grk_sns_inr_wrap_link" href="https://www.instagram.com/p/C2v6bwfPonp/" target="_blank">
              <figure>
                <img class="grid-img" src="https://scontent-ssn1-1.cdninstagram.com/v/t39.30808-6/423863673_18334036063096505_7739075680100882882_n.jpg?_nc_cat=106&amp;ccb=1-7&amp;_nc_sid=18de74&amp;_nc_ohc=C86LhPs098MAX_mBjqi&amp;_nc_ht=scontent-ssn1-1.cdninstagram.com&amp;edm=AM6HXa8EAAAA&amp;oh=00_AfC6kQ3L5XsmDtoyvM6j7ep9CSj43mNWWsrDp9LE7m1taw&amp;oe=65CF6E42" data-link="https://www.instagram.com/p/C2yw8l5vM4T/" alt="instagram photo" class="grid-img">
              </figure>
            </a>
          </li>
          <li class="grk_sns_inr_wrap_list">
            <a class="grk_sns_inr_wrap_link" href="https://www.instagram.com/p/C2qwWkDPE2B/" target="_blank">
              <figure>
                <img class="grid-img" src="https://scontent-ssn1-1.cdninstagram.com/v/t39.30808-6/423717038_18333781705096505_1821916080097393863_n.jpg?_nc_cat=103&amp;ccb=1-7&amp;_nc_sid=18de74&amp;_nc_ohc=ZiAwkBpZ5UUAX8bpSGY&amp;_nc_ht=scontent-ssn1-1.cdninstagram.com&amp;edm=AM6HXa8EAAAA&amp;oh=00_AfCNZMPEtp4m_Twp0b8Qf66W1s6myF74XQtgXGWFymL70A&amp;oe=65CDFC7E" data-link="https://www.instagram.com/p/C2qwWkDPE2B/" alt="instagram photo" >
              </figure>
            </a>
          </li>
          <li class="grk_sns_inr_wrap_list">
            <a class="grk_sns_inr_wrap_link" href="https://www.instagram.com/reel/C2gczm9vchS/" target="_blank">
              <figure>
                <img class="grid-img" src="https://scontent-ssn1-1.cdninstagram.com/v/t51.29350-15/421909860_902786964906935_8668209636683442201_n.jpg?_nc_cat=109&amp;ccb=1-7&amp;_nc_sid=18de74&amp;_nc_ohc=nDfm2cyhC18AX8lzgjC&amp;_nc_oc=AQkAgjttARrNN0a6FsZqjc721qMmHxKn1VzofQq51VEcMO8h2EXe0CQ_KNMFEgS-Crs&amp;_nc_ht=scontent-ssn1-1.cdninstagram.com&amp;edm=AM6HXa8EAAAA&amp;oh=00_AfCvCHgWyvZiV2BEtxEmMbLsFA33EuInn4tON8tuxbMkbw&amp;oe=65CF7DA2" data-link="https://www.instagram.com/p/C2qwWkDPE2B/" alt="instagram photo" >
              </figure>
            </a>
          </li>
          <li class="grk_sns_inr_wrap_list">
            <a class="grk_sns_inr_wrap_link" href="https://www.instagram.com/p/C2RIPRxvzx7/" target="_blank">
              <figure>
                <img class="grid-img"  src="https://scontent-ssn1-1.cdninstagram.com/v/t39.30808-6/420437686_18332430721096505_5313870794112548720_n.jpg?_nc_cat=107&amp;ccb=1-7&amp;_nc_sid=18de74&amp;_nc_ohc=PQWfj8jb80wAX-RN1Ka&amp;_nc_ht=scontent-ssn1-1.cdninstagram.com&amp;edm=AM6HXa8EAAAA&amp;oh=00_AfAEoogBd2qZPNjP7rF_lyassMb1qPe-YC9H9llxMC0MKQ&amp;oe=65CE9028" data-link="https://www.instagram.com/p/C2RIPRxvzx7/" alt="instagram photo" >
              </figure>
            </a>
          </li>
          <li class="grk_sns_inr_wrap_list">
            <a class="grk_sns_inr_wrap_link" href="https://www.instagram.com/p/C2JH1gLPrTp/" target="_blank">
              <figure>
                <img class="grid-img"  src="https://scontent-ssn1-1.cdninstagram.com/v/t39.30808-6/420038238_18332011828096505_5310282234987626641_n.jpg?_nc_cat=109&amp;ccb=1-7&amp;_nc_sid=18de74&amp;_nc_ohc=Gnls5E_bzaIAX_TTulP&amp;_nc_ht=scontent-ssn1-1.cdninstagram.com&amp;edm=AM6HXa8EAAAA&amp;oh=00_AfDsuylHaiPwsUd75CWtNpoQ3mOFUg8Ns-KkPEz84QpAAw&amp;oe=65CEB717" data-link="https://www.instagram.com/p/C2JH1gLPrTp/" alt="instagram photo" >
              </figure>
            </a>
          </li>
        </ul>
      </div>
      </div>
      </section>
    </main>
    <!-- footer -->
    <footer id="footer">
      <div class="footer max-container section">
        <ul class="footer_top">
          <li class="footer_top_wrap">
            <img
              class="footer_icon"
              src="greek_images/lg-pc-ft.svg"
              alt="로고이미지"
            />
          </li>

          <li class="footer_top_wrap">
            <h4 class="footer_top_title">고객상담센터</h4>
            <ul>
              <li class="footer_top_txt">
                <i class="fa-solid fa-phone"></i><strong> 1811-9015</strong>
              </li>
              <li class="footer_top_txt">평일 10:00 - 16:00</li>
              <li class="footer_top_txt">점심시간 12:00 - 13:00</li>
              <li class="footer_top_txt">주말 및 공휴일 휴무</li>
            </ul>
          </li>

          <li class="footer_top_wrap">
            <h4 class="footer_top_title">제휴문의</h4>
            <p><i class="fa-solid fa-envelope"></i> contact@sweetbio.co.kr</p>
          </li>

          <li class="footer_top_wrap">
            <h4 class="footer_top_title">SNS</h4>
            <ul>
              <li class="footer_top_txt">
                <i class="fa-brands fa-instagram"></i>
                INSTAGRAM
              </li>
              <li class="footer_top_txt">
                <i class="fa-brands fa-youtube"></i>
                YOUTUBE
              </li>
              <li class="footer_top_txt">
                <img
                  style="width: 18px"
                  src="greek_images/blog.png"
                  alt="블로그"
                />
                BLOG
              </li>
            </ul>
          </li>
          <li class="footer_top_wrap">
            <h4 class="footer_top_title">Community</h4>
            <ul>
              <li class="footer_top_txt">Event</li>
              <li class="footer_top_txt">Review</li>
              <li class="footer_top_txt">Membership</li>
              <li class="footer_top_txt">FAQ</li>
              <li class="footer_top_txt">Notice</li>
            </ul>
          </li>
        </ul>

        <ul class="footer_middle">
          <li class="footer_middle_wrap">
            <p class="footer_middle_txt">
              <span style="font-weight: 600">이용약관</span>
            </p>
            <p class="footer_middle_txt">
              <span style="font-weight: 600">개인정보처리방침</span>
            </p>
          </li>

          <li class="footer_middle_wrap">
            <p class="footer_middle_txt">
              주식회사스위트바이오 | 사업자등록번호 736-85-01425 |
              통신판매업신고번호 제2022-서울마포-3599호 | 대표이사 오종민 |
              개인정보보호책임자 오종석
            </p>
            <p class="footer_middle_txt">
              본사 주소 | 서울특별시 마포구 양화로 165 (동교동) 상진빌딩 3층 |
              COPYRIGHT© 그릭데이. ALL RIGHTS RESERVED.
            </p>
          </li>
        </ul>
      </div>
    </footer>
    
  </body>
</html>
